@article{cft_state_conjecture,
   title={Bit Threads and Holographic Monogamy},
   ISSN={1432-0916},
   url={http://dx.doi.org/10.1007/s00220-019-03510-8},
   DOI={10.1007/s00220-019-03510-8},
   journal={Communications in Mathematical Physics},
   publisher={Springer Science and Business Media LLC},
   author={Cui, Shawn X. and Hayden, Patrick and He, Temple and Headrick, Matthew and Stoica, Bogdan and Walter, Michael},
   year={2019},
   month={Jul}
}
