@article{bfgs_large_scale,
author = {Zhu, Ciyou and Byrd, Richard H. and Lu, Peihuang and Nocedal, Jorge},
title = {Algorithm 778: L-BFGS-B: Fortran Subroutines for Large-Scale Bound-Constrained Optimization},
year = {1997},
issue_date = {December 1997},
publisher = {Association for Computing Machinery},
address = {New York, NY, USA},
volume = {23},
number = {4},
issn = {0098-3500},
url = {https://doi.org/10.1145/279232.279236},
doi = {10.1145/279232.279236},
journal = {ACM Trans. Math. Softw.},
month = dec,
pages = {550â€“560},
numpages = {11},
keywords = {variable metric method, large-scale optimization, limited-memory method, nonlinear optimization}
}

@article{bfgs,
author = {Byrd, Richardh and Lu, Peihuang and Nocedal, Jorge and Zhu, Ciyou},
year = {2003},
month = {02},
pages = {},
title = {A Limited Memory Algorithm for Bound Constrained Optimization},
volume = {16},
journal = {SIAM Journal on Scientific Computing},
doi = {10.1137/0916069}
}