@article{Gross_2006,
   title={Hudsonâ€™s theorem for finite-dimensional quantum systems},
   volume={47},
   ISSN={1089-7658},
   url={http://dx.doi.org/10.1063/1.2393152},
   DOI={10.1063/1.2393152},
   number={12},
   journal={Journal of Mathematical Physics},
   publisher={AIP Publishing},
   author={Gross, D.},
   year={2006},
   month={Dec},
   pages={122107}
}

@article{Veitch_2014,
   title={The resource theory of stabilizer quantum computation},
   volume={16},
   ISSN={1367-2630},
   url={http://dx.doi.org/10.1088/1367-2630/16/1/013009},
   DOI={10.1088/1367-2630/16/1/013009},
   number={1},
   journal={New Journal of Physics},
   publisher={IOP Publishing},
   author={Veitch, Victor and Hamed Mousavian, S A and Gottesman, Daniel and Emerson, Joseph},
   year={2014},
   month={Jan},
   pages={013009}
}
