@article{Pastawski_2015,
   title={Holographic quantum error-correcting codes: toy models for the bulk/boundary correspondence},
   volume={2015},
   ISSN={1029-8479},
   url={http://dx.doi.org/10.1007/JHEP06(2015)149},
   DOI={10.1007/jhep06(2015)149},
   number={6},
   journal={Journal of High Energy Physics},
   publisher={Springer Science and Business Media LLC},
   author={Pastawski, Fernando and Yoshida, Beni and Harlow, Daniel and Preskill, John},
   year={2015},
   month={Jun}
}

@article{Cui_2019,
   title={Bit Threads and Holographic Monogamy},
   ISSN={1432-0916},
   url={http://dx.doi.org/10.1007/s00220-019-03510-8},
   DOI={10.1007/s00220-019-03510-8},
   journal={Communications in Mathematical Physics},
   publisher={Springer Science and Business Media LLC},
   author={Cui, Shawn X. and Hayden, Patrick and He, Temple and Headrick, Matthew and Stoica, Bogdan and Walter, Michael},
   year={2019},
   month={Jul}
}

